@article{montemurro2010towards,
  title={Towards the quantification of the semantic information encoded in written language},
  author={Montemurro, Marcelo A and Zanette, Dami{\'a}n H},
  journal={Advances in Complex Systems},
  volume={13},
  number={02},
  pages={135--153},
  year={2010},
  publisher={World Scientific}
}

@article{montemurro2002entropic,
  title={Entropic analysis of the role of words in literary texts},
  author={Montemurro, Marcelo A and Zanette, Dami{\'a}n H},
  journal={Advances in complex systems},
  volume={5},
  number={01},
  pages={7--17},
  year={2002},
  publisher={World Scientific}
}

%%%%%%%%%%%%%%%%%%%%%%%
%
% Dialectology
%
%%%%%%%%%%%%%%%%%%%%%%%

@book{atkins2008oxford,
  title={The Oxford guide to practical lexicography},
  author={Atkins, BT Sue and Rundell, Michael},
  year={2008},
  publisher={Oxford University Press}
}

@article{almeida1995variacion,
  title={Variaci{\'o}n socioestil{\'\i}stica del l{\'e}xico: un estudio contrastivo},
  author={Almeida, Manuel and Vidal, Carmelo},
  journal={Bolet{\'\i}n de filolog{\'\i}a},
  volume={35},
  number={1},
  pages={50},
  year={1995}
}

@book{labov2005atlas,
  title={The atlas of North American English: Phonetics, phonology and sound change},
  author={Labov, William and Ash, Sharon and Boberg, Charles},
  year={2005},
  publisher={Walter de Gruyter}
}

@techreport{vidal1964espanol,
  title={El espa{\~n}ol en la Argentina},
  author={Vidal de Battini, Berta Elena},
  year={1964},
  institution={Argentina.}
}

@article{espanolabanco,
  title={{Banco de datos (CORPES XXI) [online]}},
  author={{Real Academia Espa{\~n}ola}},
  journal={Corpus del espa{\~n}ol del siglo XXI (CORPES)}
}

@book{academia2008diccionario,
  title={Diccionario del habla de los argentinos},
  author={{Academia Argentina de Letras}},
  year={2008},
  publisher={Emec{\'e} Editores}
}

@article{gonccalves2014crowdsourcing,
  title={Crowdsourcing dialect characterization through Twitter},
  author={Gon{\c{c}}alves, Bruno and S{\'a}nchez, David},
  journal={PloS one},
  volume={9},
  number={11},
  pages={e112074},
  year={2014},
  publisher={Public Library of Science}
}

@article{huang2016understanding,
  title={Understanding US regional linguistic variation with Twitter data analysis},
  author={Huang, Yuan and Guo, Diansheng and Kasakoff, Alice and Grieve, Jack},
  journal={Computers, Environment and Urban Systems},
  volume={59},
  pages={244--255},
  year={2016},
  publisher={Elsevier}
}

@article{grieve2013site,
  title={Site-restricted web searches for data collection in regional dialectology},
  author={Grieve, Jack and Asnaghi, Costanza and Ruette, Tom},
  journal={American speech},
  volume={88},
  number={4},
  pages={413--440},
  year={2013},
  publisher={Duke University Press}
}

@incollection{ueda2003varilex,
  title={VARILEX, Variaci{\'o}n l{\'e}xica del espa{\~n}ol en el mundo: Proyecto internacional de investigaci{\'o}n l{\'e}xica},
  author={Ueda, Hiroto and Ruiz Tinoco, Antonio},
  booktitle={Pautas y pistas en el an{\'a}lisis del l{\'e}xico hispano (americano)},
  pages={141--278},
  year={2003},
  publisher={Iberoamericana Vervuert}
}

@inproceedings{kessler1995computational,
  title={Computational dialectology in irish gaelic},
  author={Kessler, Brett},
  booktitle={Proceedings of the seventh conference on European chapter of the Association for Computational Linguistics},
  pages={60--66},
  year={1995},
  organization={Morgan Kaufmann Publishers Inc.}
}


@inproceedings{nerbonne1996phonetic,
  title={Phonetic distance between Dutch dialects},
  author={Nerbonne, John and Heeringa, Wilbert and Van den Hout, Erik and Van der Kooi, Peter and Otten, Simone and Van de Vis, Willem and others},
  booktitle={CLIN VI: proceedings of the sixth CLIN meeting},
  pages={185--202},
  year={1996}
}
%%% Using entropy in twitter 

@inproceedings{Cui:2012:DBE:2396761.2398519,
 author = {Cui, Anqi and Zhang, Min and Liu, Yiqun and Ma, Shaoping and Zhang, Kuo},
 title = {Discover Breaking Events with Popular Hashtags in Twitter},
 booktitle = {Proceedings of the 21st ACM International Conference on Information and Knowledge Management},
 series = {CIKM 12},
 year = {2012},
 isbn = {978-1-4503-1156-4},
 location = {Maui, Hawaii, USA},
 pages = {1794--1798},
 numpages = {5},
 url = {http://doi.acm.org/10.1145/2396761.2398519},
 doi = {10.1145/2396761.2398519},
 acmid = {2398519},
 publisher = {ACM},
 address = {New York, NY, USA},
 keywords = {burst detection, hashtag, social media, twitter},
} 
@article{ghosh2011entropy,
  title={Entropy-based classification of retweeting activity on {Twitter}},
  author={Ghosh, Rumi and Surachawala, Tawan and Lerman, Kristina},
  journal={arXiv preprint arXiv:1106.0346},
  year={2011}
}

@inproceedings{pak2010twitter,
  title={Twitter as a corpus for sentiment analysis and opinion mining.},
  author={Pak, Alexander and Paroubek, Patrick},
  booktitle={LREc},
  volume={10},
  number={2010},
  pages={1320--1326},
  year={2010}
}

@inproceedings{jimenez2018automatic,
  title={Automatic Detection of Regional Words for Pan-Hispanic Spanish on Twitter},
  author={Jimenez, Sergio and Due{\~n}as, George and Gelbukh, Alexander and Rodriguez-Diaz, Carlos A and Mancera, Sergio},
  booktitle={Ibero-American Conference on Artificial Intelligence},
  pages={404--416},
  year={2018},
  organization={Springer}
}

% Shannon Theory of Communication - no need to explain

@article{shannon2001mathematical,
  title={A mathematical theory of communication},
  author={Shannon, Claude Elwood},
  journal={ACM SIGMOBILE mobile computing and communications review},
  volume={5},
  number={1},
  pages={3--55},
  year={2001},
  publisher={ACM}
}

% Twitter is noise
@inproceedings{kaufmann2010syntactic,
  title={Syntactic normalization of twitter messages},
  author={Kaufmann, Max and Kalita, Jugal},
  booktitle={International conference on natural language processing, Kharagpur, India},
  year={2010}
}
@book{bird2009natural,
  title={Natural language processing with Python: Analyzing text with the natural language toolkit},
  author={Bird, Steven and Klein, Ewan and Loper, Edward},
  year={2009},
  publisher={O'Reilly Media, Inc.}
}

